
@article{aaron2009,
author = {Aaron Clauset and Cosma Rohilla Shalizi and M. E. J. Newman},
title = {Power-Law Distributions in Empirical Data},
journal = {SIAM Review},
volume = {51},
number = {4},
pages = {661-703},
year = {2009},
doi = {10.1137/070710111},

URL = { 
        https://doi.org/10.1137/070710111
    
},
eprint = { 
        https://doi.org/10.1137/070710111
    
}

